<record><leader>00000cas a22000007a 4500</leader><controlfield tag="001">13882831</controlfield><controlfield tag="008">860717d18781uuuutuwr ne      0    0eng d</controlfield><datafield ind1=" " ind2=" " tag="010"><subfield code="a">sn 86091515 </subfield></datafield><datafield ind1=" " ind2=" " tag="040"><subfield code="a">UNP</subfield><subfield code="b">eng</subfield><subfield code="c">UNP</subfield><subfield code="d">OCL</subfield><subfield code="d">OCLCQ</subfield></datafield><datafield ind1="0" ind2=" " tag="041"><subfield code="a">engdan</subfield></datafield><datafield ind1=" " ind2=" " tag="042"><subfield code="a">msc</subfield></datafield><datafield ind1="0" ind2="4" tag="245"><subfield code="a">The Utah advocate.</subfield></datafield><datafield ind1=" " ind2=" " tag="260"><subfield code="a">Ogden City, Utah :</subfield><subfield code="b">A.C. Grue,</subfield><subfield code="c">1878-</subfield></datafield><datafield ind1=" " ind2=" " tag="300"><subfield code="a">v. ;</subfield><subfield code="c">46 cm.</subfield></datafield><datafield ind1=" " ind2=" " tag="310"><subfield code="a">Weekly</subfield></datafield><datafield ind1="0" ind2=" " tag="362"><subfield code="a">1st vol., no. 1 (22nd of Nov., 1878)-</subfield></datafield><datafield ind1=" " ind2=" " tag="515"><subfield code="a">None issued Nov. 29-Dec. 25, 1878.</subfield></datafield><datafield ind1=" " ind2=" " tag="546"><subfield code="a">In English and Danish.</subfield></datafield><datafield ind1=" " ind2=" " tag="752"><subfield code="a">United States</subfield><subfield code="b">Utah</subfield><subfield code="c">Weber</subfield><subfield code="d">Ogden.</subfield></datafield></record>